@article{beaulieu2015simon,
    title={SIMON and SPECK: Block Ciphers for the Internet of Things.},
    author={Beaulieu, Ray and Shors, Douglas and Smith, Jason and Treatman-Clark, Stefan and Weeks, Bryan and Wingers, Louis},
    journal={IACR Cryptology ePrint Archive},
    volume={2015},
    pages={585},
    year={2015}
}
@book{hansmann2013pervasive,
    title={Pervasive computing handbook},
    author={Hansmann, Uwe and Merk, Lothar and Nicklous, Martin S and Stober, Thomas},
    year={2013},
    publisher={Springer Science \& Business Media}
}
@article{satyanarayanan2001pervasive,
    title={Pervasive computing: Vision and challenges},
    author={Satyanarayanan, Mahadev and others},
    journal={IEEE Personal communications},
    volume={8},
    number={4},
    pages={10--17},
    year={2001}
}
@inproceedings{weinmann2009axr,
    title={Axr-crypto made from modular additions, xors and word rotations},
    author={Weinmann, RP},
    booktitle={Dagstuhl seminar},
    volume={9031},
    pages={30},
    year={2009}
}
@article{perrig2004security,
    title={Security in wireless sensor networks},
    author={Perrig, Adrian and Stankovic, John and Wagner, David},
    journal={Communications of the ACM},
    volume={47},
    number={6},
    pages={53--57},
    year={2004}
}
@inproceedings{khovratovich2010rotational,
    title={Rotational cryptanalysis of ARX},
    author={Khovratovich, Dmitry and Nikoli{\'c}, Ivica},
    booktitle={International Workshop on Fast Software Encryption},
    pages={333--346},
    year={2010},
    organization={Springer}
}
@article{mouha2011arx,
    title={ARX-based cryptography},
    author={Mouha, Nicky},
    journal={Online: https://www.cosic.esat.kuleuven.be/ecrypt/courses/albena11    /slides/nicky\_mouha\_arx-slides.pdf},
    year={2011}
}
@article{akyildiz2002wireless,
    title={Wireless sensor networks: a survey},
    author={Akyildiz, Ian F and Su, Weilian and Sankarasubramaniam, Yogesh and Cayirci, Erdal},
    journal={Computer networks},
    volume={38},
    number={4},
    pages={393--422},
    year={2002},
    publisher={Elsevier}
}
@inproceedings{bonneau2006cache,
    title={Cache-collision timing attacks against AES},
    author={Bonneau, Joseph and Mironov, Ilya},
    booktitle={International Workshop on Cryptographic Hardware and Embedded Systems},
    pages={201--215},
    year={2006},
    organization={Springer}
}
@book{stinson2005cryptography,
    title={Cryptography: theory and practice},
    author={Stinson, Douglas R},
    year={2005},
    publisher={Chapman and Hall/CRC}
}

